@Book{ArpaciDusseau23-Book,
      author =       {Remzi H. Arpaci-Dusseau and Andrea C. Arpaci-Dusseau},
      title =        "{Operating Systems: Three Easy Pieces}",
      publisher =    {Arpaci-Dusseau Books},
      month =        "November",
      year =         {2023},
      edition =      {1.10}
}